<?xml version="1.0" encoding="UTF-8"?><collection xmlns="http://www.loc.gov/MARC21/slim"><record><leader>00539nam--2200181-i-4500</leader><controlfield tag="001">000033581</controlfield><controlfield tag="002">20161230</controlfield><controlfield tag="005">20161230201039</controlfield><controlfield tag="008">060222s1000------------r-----000-0-eng-d</controlfield><datafield ind1=" " ind2=" " tag="040"><subfield code="a">IFIN-HH</subfield></datafield><datafield ind1=" " ind2=" " tag="080"><subfield code="a">536.7:55(061.3)</subfield></datafield><datafield ind1="1" ind2=" " tag="100"><subfield code="a">Fraser, Donald G</subfield></datafield><datafield ind1="1" ind2="0" tag="245"><subfield code="a">Thermodynamics in geology. proceedings, oxford, 1976</subfield><subfield code="c">Donald g.fraser (ed.)</subfield></datafield><datafield ind1=" " ind2=" " tag="260"><subfield code="a">Dordrecht</subfield><subfield code="b">D.Reidel Publishing Company</subfield><subfield code="c">1977</subfield></datafield><datafield ind1=" " ind2=" " tag="300"><subfield code="a">XII+410P</subfield></datafield><datafield ind1=" " ind2=" " tag="490"><subfield code="a">Nato Advanced Study Institute Series C, 30</subfield></datafield><datafield ind1=" " ind2=" " tag="852"><subfield code="a">42548</subfield><subfield code="c">53</subfield></datafield><datafield ind1=" " ind2=" " tag="CAT"><subfield code="a">Sys</subfield><subfield code="c">20150323</subfield><subfield code="h">122800</subfield></datafield></record></collection>